<record><leader>00000cas a22000007a 4500</leader><controlfield tag="001">11490100</controlfield><controlfield tag="008">841213d19101910nyuwr ne      0    0eng d</controlfield><datafield ind1=" " ind2=" " tag="010"><subfield code="a">sn 84031962 </subfield></datafield><datafield ind1=" " ind2=" " tag="040"><subfield code="a">NYG</subfield><subfield code="b">eng</subfield><subfield code="c">NYG</subfield><subfield code="d">NYS</subfield><subfield code="d">OCLCQ</subfield></datafield><datafield ind1=" " ind2=" " tag="042"><subfield code="a">msc</subfield></datafield><datafield ind1="0" ind2="0" tag="245"><subfield code="a">Stamford item.</subfield></datafield><datafield ind1=" " ind2=" " tag="260"><subfield code="a">Stamford, N.Y. :</subfield><subfield code="b">Clifford Champion,</subfield><subfield code="c">1910-</subfield></datafield><datafield ind1=" " ind2=" " tag="300"><subfield code="a">v. ;</subfield><subfield code="c">36 cm.</subfield></datafield><datafield ind1=" " ind2=" " tag="310"><subfield code="a">Weekly</subfield></datafield><datafield ind1="0" ind2=" " tag="362"><subfield code="a">Vol. 1, no. 1 (Feb. 8, 1910)-v. 1, no. 46 (Dec. 20, 1910).</subfield></datafield><datafield ind1=" " ind2=" " tag="500"><subfield code="a">Published on Tuesday.</subfield></datafield><datafield ind1=" " ind2="4" tag="651"><subfield code="a">Stamford (N.Y.)</subfield><subfield code="v">Newspapers.</subfield></datafield><datafield ind1=" " ind2=" " tag="752"><subfield code="a">United States</subfield><subfield code="b">New York</subfield><subfield code="c">Delaware</subfield><subfield code="d">Stamford.</subfield></datafield><datafield ind1="1" ind2=" " tag="029"><subfield code="a">AU@</subfield><subfield code="b">000020617530</subfield></datafield></record>